<record><leader>00000cas a22000007a 4500</leader><controlfield tag="001">18122699</controlfield><controlfield tag="008">880622d19491949nduwr ne      0    0eng d</controlfield><datafield ind1=" " ind2=" " tag="010"><subfield code="a">sn 88076455 </subfield></datafield><datafield ind1=" " ind2=" " tag="040"><subfield code="a">NOP</subfield><subfield code="b">eng</subfield><subfield code="c">NOP</subfield><subfield code="d">OCLCQ</subfield></datafield><datafield ind1=" " ind2=" " tag="042"><subfield code="a">msc</subfield></datafield><datafield ind1="0" ind2="0" tag="245"><subfield code="a">U-name it news.</subfield></datafield><datafield ind1="3" ind2="0" tag="246"><subfield code="a">You name it news</subfield></datafield><datafield ind1=" " ind2=" " tag="260"><subfield code="a">Ray, (Williams County), N.D. :</subfield><subfield code="b">Ray Community Club</subfield></datafield><datafield ind1=" " ind2=" " tag="300"><subfield code="a">1 v. :</subfield><subfield code="b">ill. ;</subfield><subfield code="c">55 cm.</subfield></datafield><datafield ind1=" " ind2=" " tag="310"><subfield code="a">Weekly</subfield></datafield><datafield ind1="0" ind2=" " tag="362"><subfield code="a">Vol. 1, no. 1 (June 17, 1949)- v. 1, no. 5 (July 15, 1949).</subfield></datafield><datafield ind1=" " ind2=" " tag="530"><subfield code="a">Available on microfilm from the State Historical Society of North Dakota.</subfield></datafield><datafield ind1=" " ind2=" " tag="752"><subfield code="a">United States</subfield><subfield code="b">North Dakota</subfield><subfield code="c">Williams</subfield><subfield code="d">Ray.</subfield></datafield><datafield ind1="0" ind2="0" tag="785"><subfield code="t">Rakota</subfield><subfield code="w">(DLC)sn 88076259</subfield></datafield></record>